<?xml version="1.0" encoding="UTF-8"?><record xmlns="http://www.loc.gov/MARC21/slim" xmlns:cinclude="http://apache.org/cocoon/include/1.0" xmlns:zs="http://www.loc.gov/zing/srw/">
  <leader>00625cz  a2200157n  4500</leader>
  <controlfield tag="001">no2008083204</controlfield>
  <controlfield tag="003">DLC</controlfield>
  <controlfield tag="005">20080618081007.0</controlfield>
  <controlfield tag="008">080526n| acannaabn          |a aaa     c</controlfield>
  <datafield tag="010" ind1=" " ind2=" ">
    <subfield code="a">no2008083204</subfield>
  </datafield>
  <datafield tag="035" ind1=" " ind2=" ">
    <subfield code="a">(OCoLC)oca07786574</subfield>
  </datafield>
  <datafield tag="040" ind1=" " ind2=" ">
    <subfield code="a">SaPrUSA</subfield>
    <subfield code="b">eng</subfield>
    <subfield code="c">SaPrUSA</subfield>
    <subfield code="d">DLC</subfield>
  </datafield>
  <datafield tag="100" ind1="1" ind2=" ">
    <subfield code="a">Marais, B. G.</subfield>
    <subfield code="q">(Barend George)</subfield>
  </datafield>
  <datafield tag="400" ind1="1" ind2=" ">
    <subfield code="a">Marais, Barend George</subfield>
  </datafield>
  <datafield tag="670" ind1=" " ind2=" ">
    <subfield code="a">Die plek, taal en essentieĚle inhoud van die fundamentele opvoedkunde in die aanvangsopleiding van die onderwyser, 1990:</subfield>
    <subfield code="b">t.p. (B.G. Marais)</subfield>
  </datafield>
  <datafield tag="670" ind1=" " ind2=" ">
    <subfield code="a">Stellenbosch University Library Cat., May 26, 2008</subfield>
    <subfield code="b">(hdg.: Marais, B. G. (Barend George); usage: B.G. Marais)</subfield>
  </datafield>
</record>